@article{Ashauer2010,
author = {Ashauer, Roman and Caravatti, Ivo and Hintermeister, Anita and Escher, Beate},
doi = {10.1002/etc.175},
issn = {1552-8618},
journal = {Environmental Toxicology and Chemistry},
keywords = {Animals,Chemical,Chemical: pharmacokinetics,Fresh Water,Invertebrates,Invertebrates: metabolism,Water Pollutants,Xenobiotics,Xenobiotics: pharmacokinetics},
number = {7},
pages = {1625--36},
pmid = {20821614},
title = {{Bioaccumulation kinetics of organic xenobiotic pollutants in the freshwater invertebrate Gammarus pulex modeled with prediction intervals.}},
volume = {29},
year = {2010}
}

@article{Charles2021,
author = {Charles, Sandrine and Ratier, Aude and Lopes, Christelle},
doi = {10.14218/jerp.2021.00024},
journal = {Journal of Exploratory Research in Pharmacology},
keywords = {Active substances,Bioaccumulation metrics.,Environmental risk assessment,Living organisms,Ordinary differential equations,Toxicokinetic models},
number = {4},
pages = {158--167},
title = {{Generic Solving of One-compartment Toxicokinetic Models}},
volume = {6},
year = {2021}
}

@article{Ratier2021a,
author = {Ratier, Aude and Lopes, Christelle and Multari, Gauthier and Mazerolles, Vanessa and Carpentier, Patrice and Charles, Sandrine},
doi = {10.1101/2020.07.07.185835},
journal = {Integrated Environmental Assessment and Management},
number = {1},
pages = {10--18},
publisher = {Cold Spring Harbor Laboratory},
title = {{New perspectives on the calculation of bioaccumulation metrics for active substances in living organisms}},
volume = {18},
year = {2021}
}

@article{Gestin2021,
author = {Gestin, Ophélia and Lacoue-labarthe, Thomas and Coquery, Marina and Delorme, Nicolas and Garnero, Laura and Dherret, Lysiane and Geffard, Olivier and Lopes, Christelle},
doi = {10.1016/j.envint.2021.106625},
journal = {Environment international},
number = {April},
pages = {1--9},
title = {{One and multi-compartments toxico-kinetic modeling to understand metals ' organotropism and fate in Gammarus fossarum}},
volume = {156},
year = {2021}
}

@article{Gestin2022,
author = {Gestin, Ophélia and Lopes, Christelle and Delorme, Nicolas and Garnero, Laura and Geffard, Olivier and Lacoue-labarthe, Thomas},
doi = {10.1016/j.envpol.2022.119625},
journal = {Environmental Pollution},
pages = {119625},
title = {{Organ-specific accumulation of cadmium and zinc in Gammarus fossarum exposed to environmentally relevant metal concentrations}},
volume = {308},
year = {2022}
}

@article{Baty2015,
author = {Baty, Florent and Ritz, Christian and Charles, Sandrine and Brutsche, Martin and Flandrois, Jean-Pierre P and Delignette-Muller, Marie Laure},
journal = {Journal of Statistical Software},
number = {5},
pages = {1--21},
title = {{A Toolbox for Nonlinear Regression in R: The Package nlstools}},
volume = {66},
year = {2015}
}

@article{Beale1960,
author = {Beale, E.M.L.},
journal = {Journal of the Royal Statistical Society. Series B (Methodological)},
number = {1},
pages = {41--88},
title = {{Confidence Regions in Non-Linear Estimation}},
volume = {22},
year = {1960}
}

@article{Boersch-Supan2017,
author = {Boersch-Supan, Philipp H. and Ryan, Sadie J. and Johnson, Leah R.},
doi = {10.1111/2041-210X.12679},
eprint = {1605.00021},
isbn = {2041-210X},
issn = {2041210X},
journal = {Methods in Ecology and Evolution},
keywords = {Markov chain Monte Carlo,chytridiomycosis,delay-differential equation,model calibration,ordinary differential equation,parameter estimation},
number = {4},
pages = {511--518},
title = {{deBInfer: Bayesian inference for dynamical models of biological systems in R}},
volume = {8},
year = {2017}
}


@article{Charles2022,
author = {Charles, Sandrine and Gestin, Ophelia and Bruset, J{\'{e}}r{\'{e}}mie and Lamonica, Dominique and Baudrot, Virgile and Chaumot, Arnaud and Geffard, Olivier and Lacoue-labarthe, Thomas and Lopes, Christelle},
doi = {10.1101/2022.04.29.490045},
journal = {Journal of Exploratory Research in Pharmacology},
publisher = {Cold Spring Harbor Laboratory},
title = {{Generic solving of physiologically-based kinetic models in support of next generation risk assessment due to chemicals}},
volume = {accepted},
year = {2022}
}

@article{Baudrot2021,
author = {Baudrot, Virgile and Charles, Sandrine},
doi = {10.21105/joss.03200},
file = {:Users/scharles/Documents/Mendeley Desktop/2021/Baudrot, Charles/Baudrot, Charles - 2021 - Journal of Open Source Software.pdf:pdf},
journal = {Journal of Open Source Software},
number = {68},
pages = {3200},
title = {{morse: an R-package in support of Environmental Risk Assessment}},
volume = {6},
year = {2021}
}

@article{rbioacc2021,
author = {Ratier, Aude and Baudrot, Virgile and Kaag, Mil{\'{e}}na and Siberchicot, Aur{\'{e}}lie and Lopes, Christelle and Charles, Sandrine},
doi = {10.1016/j.ecoenv.2022.113875},
journal = {Ecotoxicology and Environmental Safety},
keywords = {Bayesian inference Bioaccumulation metrics Ecotoxi},
mendeley-groups = {MEPS},
month = {jul},
pages = {113875},
title = {{rbioacc: an R-package to analyse toxicokinetic data}},
volume = {242},
year = {2022}
}

@article{Ratier2021b,
author = {Ratier, Aude and Charles, Sandrine},
doi = {10.1038/s41597-022-01248-y},
issn = {2052-4463},
journal = {Nature, Scientific Data},
month = {dec},
number = {1},
pages = {130},
title = {{Accumulation-depuration data collection in support of toxicokinetic modelling}},
volume = {9},
year = {2022}
}

@article{Hansul2021,
author = {Hansul, Simon and Fettweis, Andreas and Smolders, Erik and {De Schamphelaere}, Karel},
doi = {10.1002/etc.5176},
issn = {15528618},
journal = {Environmental Toxicology and Chemistry},
keywords = {Aquatic toxicology,aquatic invertebrates,computational toxicology,freshwater toxicology,metal toxicity,mixture toxicology,predictive toxicology,toxicity mechanisms},
number = {11},
pages = {3034--3048},
pmid = {34314541},
title = {{Interactive Metal Mixture Toxicity to Daphnia magna Populations as an Emergent Property in a Dynamic Energy Budget Individual-Based Model}},
volume = {40},
year = {2021}
}


@article{Addison2013,
   author = {Addison, Prue F. E. and Rumpff, Libby and Bau, S. Sana and Carey, Janet M. and Chee, Yung En and Jarrad, Frith C. and McBride, Marissa F. and Burgman, Mark A.},
   title = {Practical solutions for making models indispensable in conservation decision-making},
   journal = {Diversity and Distributions},
   volume = {19},
   number = {5-6},
   pages = {490-502},
   DOI = {doi:10.1111/ddi.12054},
   year = {2013}
}

@article{albert2015,
   author = {Albert, Carlo and Künsch, Hans R. and Scheidegger, Andreas},
   title = {A simulated annealing approach to approximate Bayes computations},
   journal = {Statistics and Computing},
   volume = {25},
   number = {6},
   pages = {1217-1232},
   ISSN = {1573-1375},
   DOI = {10.1007/s11222-014-9507-8},
   year = {2015}
}

@article{allan2004landscapes,
  title={Landscapes and riverscapes: the influence of land use on stream ecosystems},
  author={Allan, J David},
  journal={Annu. Rev. Ecol. Evol. Syst.},
  volume={35},
  pages={257--284},
  year={2004},
  publisher={Annual Reviews}
}

@article{araujo2007ensemble,
  title={Ensemble forecasting of species distributions},
  author={Ara{\'u}jo, Miguel B and New, Mark},
  journal={Trends in Ecology \& Evolution},
  volume={22},
  number={1},
  pages={42--47},
  year={2007},
  publisher={Elsevier}
}

@article{araujo2005validation,
  title={Validation of species--climate impact models under climate change},
  author={Araujo, Miguel B and Pearson, Richard G and Thuiller, Wilfried and Erhard, Markus},
  journal={Global Change Biology},
  volume={11},
  number={9},
  pages={1504--1513},
  year={2005},
  publisher={Wiley Online Library}
}

@article{austin2007species,
  title={Species distribution models and ecological theory: a critical assessment and some possible new approaches},
  author={Austin, Mike},
  journal={Ecological modelling},
  volume={200},
  number={1},
  pages={1--19},
  year={2007},
  publisher={Elsevier}
}

@article{Baker2018,
author = {Ruth E. Baker  and Jose-Maria Peña  and Jayaratnam Jayamohan  and Antoine Jérusalem },
title = {Mechanistic models versus machine learning, a fight worth fighting for the biological community?},
journal = {Biology Letters},
volume = {14},
number = {5},
pages = {20170660},
year = {2018},
doi = {10.1098/rsbl.2017.0660}
}

@article{Banavar2007,
  title = {Scaling in Ecosystems and the Linkage of Macroecological Laws},
  author = {Banavar, Jayanth R. and Damuth, John and Maritan, Amos and Rinaldo, Andrea},
  journal = {Phys. Rev. Lett.},
  volume = {98},
  issue = {6},
  pages = {068104},
  numpages = {4},
  year = {2007},
  month = {Feb},
  publisher = {American Physical Society},
  doi = {10.1103/PhysRevLett.98.068104}
}

@article{BascoCarrera2017,
author = {Basco-Carrera, Laura and Warren, Andrew and van Beek, Eelco and Jonoski, Andreja and Giardino, Alessio},
title = {Collaborative modelling or participatory modelling? A framework for water resources management},
journal = {Environmental Modelling \& Software},
volume = {91},
number = {Supplement C},
pages = {95-110},
ISSN = {13648152},
DOI = {10.1016/j.envsoft.2017.01.014},
year = {2017}
}

@book{Bates1988,
   author = {Bates, D. M. and Watts, D. G.},
   title = {Nonlinear regression analysis and its applications},
   publisher = {John Wiley \& Sons},
   year = {1988},
   type = {Book}
}

@article{bino2014maximizing,
  title={Maximizing colonial waterbirds' breeding events using identified ecological thresholds and environmental flow management},
  author={Bino, Gilad and Steinfeld, Celine and Kingsford, Richard T},
  journal={Ecological Applications},
  volume={24},
  number={1},
  pages={142--157},
  year={2014},
  publisher={Wiley Online Library}
}

@article {Bocedi2014,
author = {Bocedi, Greta and Palmer, Stephen C.F. and Pe'er, Guy and Heikkinen, Risto K. and Matsinos, Yiannis G. and Watts, Kevin and Travis, Justin M.J.},
title = {RangeShifter: a platform for modelling spatial eco-evolutionary dynamics and species' responses to environmental changes},
journal = {Methods in Ecology and Evolution},
volume = {5},
number = {4},
issn = {2041-210X},
doi = {10.1111/2041-210X.12162},
pages = {388--396},
keywords = {dynamic modelling, individual-based modelling, environmental change, dispersal, population dynamics, connectivity, population viability},
year = {2014},
}

@article{Boit2012,
author = {Boit, Alice and Martinez, Neo D. and Williams, Richard J. and Gaedke, Ursula},
title = {Mechanistic theory and modelling of complex food-web dynamics in Lake Constance},
journal = {Ecology Letters},
volume = {15},
number = {6},
pages = {594-602},
keywords = {Allometric Trophic Network model, community ecology, food web, multi-trophic dynamics, seasonal plankton succession},
doi = {10.1111/j.1461-0248.2012.01777.x},
year = {2012}
}

@article {Bratrich1997,
author = {Bratrich, C. and Jorde, K.},
title = {Hydraulische and morphologische Modellierung von Fliessgewässern mit dem Simulationsmodell CASIMIR: Gewässerbiologie and Habitatmodellierung},
journal = {Wasserwirtschaft},
volume = {7-8},
pages = {370--371},
year = {1997},
}

@article{Brown2004,
author = {Brown, James H. and Gillooly, James F. and Allen, Andrew P. and Savage, Van M. and West, Geoffrey B.},
title = {TOWARD A METABOLIC THEORY OF ECOLOGY},
journal = {Ecology},
volume = {85},
number = {7},
pages = {1771-1789},
doi = {10.1890/03-9000},
year = {2004}
}

@article{Brose2006,
author = {Brose, Ulrich and Williams, Richard J. and Martinez, Neo D.},
title = {Allometric scaling enhances stability in complex food webs},
journal = {Ecology Letters},
volume = {9},
number = {11},
pages = {1228-1236},
keywords = {Diversity–stability, interaction strength, metabolic theory, networks, population dynamics, predation, predator–prey, trophic interactions},
doi = {10.1111/j.1461-0248.2006.00978.x},
year = {2006}
}

@article {Buisson2010,
author = {Buisson, L. and Thuiller, W. and Casajus, N. and Lek, S. and Grenouillet, G.},
title = {Uncertainty in ensemble forecasting of species distribution},
journal = {Global Change Biology},
volume = {16},
number = {4},
publisher = {Blackwell Publishing Ltd},
issn = {1365-2486},
doi = {10.1111/j.1365-2486.2009.02000.x},
pages = {1145--1157},
keywords = {climate change, ensemble forecasting, environmental gradient, spatial autocorrelation, species distribution, uncertainty},
year = {2010},
}

@article{Bunnefeld2014,
title = "Management strategy evaluation: a powerful tool for conservation?",
journal = "Trends in Ecology \& Evolution",
volume = "26",
number = "9",
pages = "441 - 447",
year = "2011",
issn = "0169-5347",
doi = "https://doi.org/10.1016/j.tree.2011.05.003",
author = "Nils Bunnefeld and Eriko Hoshino and Eleanor J. Milner-Gulland",
}

@article{bush2017connecting,
   author = {Bush, Alex and Sollmann, Rahel and Wilting, Andreas and Bohmann, Kristine and Cole, Beth and Balzter, Heiko and Martius, Christopher and Zlinszky, Andr{\'a}s and Calvignac-Spencer, S{\'e}bastien and Cobbold, Christina A. and Dawson, Terence P. and Emerson, Brent C. and Ferrier, Simon and Gilbert, M. Thomas P. and Herold, Martin and Jones, Laurence and Leendertz, Fabian H. and Matthews, Louise and Millington, James D. A. and Olson, John R. and Ovaskainen, Otso and Raffaelli, Dave and Reeve, Richard and Rödel, Mark-Oliver and Rodgers, Torrey W. and Snape, Stewart and Visseren-Hamakers, Ingrid and Vogler, Alfried P. and White, Piran C. L. and Wooster, Martin J. and Yu, Douglas W.},
   title = {Connecting Earth observation to high-throughput biodiversity data},
   journal = {Nature Ecology \& Evolution},
   volume = {1},
   pages = {0176},
   year = {2017},
   type = {Journal Article}
}


@article{carbajal2017,
   author = {Carbajal, Juan Pablo and Leitão, João Paulo and Albert, Carlo and Rieckermann, Jörg},
   title = {Appraisal of data-driven and mechanistic emulators of nonlinear simulators: The case of hydrodynamic urban drainage models},
   journal = {Environmental Modelling \& Software},
   volume = {92},
   pages = {17-27},
   ISSN = {1364-8152},
   DOI = {https://doi.org/10.1016/j.envsoft.2017.02.006},
   year = {2017}
}

@article{carvalho2011conservation,
  title={Conservation planning under climate change: toward accounting for uncertainty in predicted species distributions to increase confidence in conservation investments in space and time},
  author={Carvalho, S{\'\i}lvia B and Brito, Jos{\'e} C and Crespo, Eduardo G and Watts, Matthew E and Possingham, Hugh P},
  journal={Biological Conservation},
  volume={144},
  number={7},
  pages={2020--2030},
  year={2011},
  publisher={Elsevier}
}

@article{Castelvecchi2016,
   author = {Castelvecchi, D.},
   title = {Can we open the black box of AI?},
   journal = {Nature},
   volume = {538},
   number = {7623},
   pages = {20-23},
   ISSN = {0028-0836},
   DOI = {10.1038/538020a},
   year = {2016}
}

@Manual{Chang2017,
    title = {shiny: Web Application Framework for R},
    author = {Winston Chang and Joe Cheng and JJ Allaire and Yihui Xie and Jonathan McPherson},
    year = {2017},
    note = {R package version 1.0.5},
    url = {https://CRAN.R-project.org/package=shiny}
 }
  
@Article{Demargne2014,
  Title                    = {The Science of {NOAA's} Operational Hydrologic Ensemble Forecast Service},
  Author                   = {Demargne, J. AND Wu, L. AND Regonda, S. AND Brown, J. AND Lee, H. AND He, M. AND Seo, D.-J. Hartman, R. AND Herr, H. D. AND Fresch, M. AND Schaake, J. AND Zhu, Y.},
  Journal                  = {Bull. Amer. Meteor. Soc.},
  Year                     = {2014},
  Number                   = {1},
  Pages                    = {79-98},
  Volume                   = {95},
  Doi                      = {10.1175/BAMS-D-12-00081.1}
}

@article{domisch2013choice,
  title={Choice of study area and predictors affect habitat suitability projections, but not the performance of species distribution models of stream biota},
  author={Domisch, Sami and Kuemmerlen, Mathias and J{\"a}hnig, Sonja C and Haase, Peter},
  journal={Ecological Modelling},
  volume={257},
  pages={1--10},
  year={2013},
  publisher={Elsevier}
}

@article{domisch2015application,
  title={Application of species distribution models in stream ecosystems: the challenges of spatial and temporal scale, environmental predictors and species occurrence data},
  author={Domisch, Sami and J{\"a}hnig, Sonja C and Simaika, John P and Kuemmerlen, Mathias and Stoll, Stefan},
  journal={Fundamental and Applied Limnology/Archiv f{\"u}r Hydrobiologie},
  volume={186},
  number={1-2},
  pages={45--61},
  year={2015},
  publisher={E. Schweizerbart'sche Verlagsbuchhandlung}
}

@article{domisch2015near,
  title={Near-global freshwater-specific environmental variables for biodiversity analyses in 1 km resolution},
  author={Domisch, Sami and Amatulli, Giuseppe and Jetz, Walter},
  journal={Scientific data},
  volume={2},
  pages={150073},
  year={2015},
  publisher={Nature Publishing Group}
}

@article{Dong2013,
title = "Scenario development for water resource planning and management: A review",
journal = "Technological Forecasting and Social Change",
volume = "80",
number = "4",
pages = "749 - 761",
year = "2013",
note = "Scenario Method: Current developments in theory and practice",
issn = "0040-1625",
doi = "http://dx.doi.org/10.1016/j.techfore.2012.09.015",
author = "Congli Dong and Gerrit Schoups and Nick van de Giesen",
keywords = "Scenario development",
keywords = "Water scenarios",
keywords = "Techniques",
keywords = "Water management"
}

@article{Dormann2018,
author = {Dormann, Carsten F. and Calabrese, Justin M. and Guillera-Arroita, Gurutzeta and Matechou, Eleni and Bahn, Volker and Bartoń, Kamil and Beale, Colin M. and Ciuti, Simone and Elith, Jane and Gerstner, Katharina and Guelat, Jérôme and Keil, Petr and Lahoz-Monfort, José J. and Pollock, Laura J. and Reineking, Björn and Roberts, David R. and Schröder, Boris and Thuiller, Wilfried and Warton, David I. and Wintle, Brendan A. and Wood, Simon N. and Wüest, Rafael O. and Hartig, Florian},
title = {Model averaging in ecology: a review of Bayesian, information-theoretic, and tactical approaches for predictive inference},
journal = {Ecological Monographs},
volume = {88},
number = {4},
pages = {485-504},
keywords = {AIC weights, ensemble, model averaging, model combination, nominal coverage, prediction averaging, uncertainty},
doi = {10.1002/ecm.1309},
year = {2018}
}

@article{Dormann2012,
author = {Dormann, Carsten F. and Schymanski, Stanislaus J. and Cabral, Juliano and Chuine, Isabelle and Graham, Catherine and Hartig, Florian and Kearney, Michael and Morin, Xavier and Römermann, Christine and Schröder, Boris and Singer, Alexander},
title = {Correlation and process in species distribution models: bridging a dichotomy},
journal = {Journal of Biogeography},
volume = {39},
number = {12},
pages = {2119-2131},
keywords = {Hypothesis generation, mechanistic model, parameterization, process-based model, species distribution model, SDM, uncertainty, validation},
doi = {10.1111/j.1365-2699.2011.02659.x},
year = {2012}
}

@article {EFSA2016,
author = {{European Food Safety Authority}},
title = {A mechanistic model to assess risks to honeybee colonies from exposure to pesticides under different scenarios of combined stressors and factors},
journal = {EFSA Supporting Publications},
volume = {13},
number = {7},
issn = {2397-8325},
doi = {10.2903/sp.efsa.2016.EN-1069},
pages = {1069E--n/a},
year = {2016},
note = {1069E}
}

@article{elith2009species,
  title={Species distribution models: ecological explanation and prediction across space and time},
  author={Elith, Jane and Leathwick, John R},
  journal={Annual review of ecology, evolution, and systematics},
  volume={40},
  pages={677--697},
  year={2009},
  publisher={Annual Reviews}
}

@article{elith2009they,
  title={Do they? How do they? WHY do they differ? On finding reasons for differing performances of species distribution models},
  author={Elith, Jane and Graham, Catherine H},
  journal={Ecography},
  volume={32},
  number={1},
  pages={66--77},
  year={2009},
  publisher={Wiley Online Library}
}

@article {Ellison2004,
author = {Ellison, Aaron M.},
title = {Bayesian inference in ecology},
journal = {Ecology Letters},
volume = {7},
number = {6},
publisher = {Blackwell Science Ltd},
issn = {1461-0248},
doi = {10.1111/j.1461-0248.2004.00603.x},
pages = {509--520},
keywords = {Bayes’ Theorem, Bayesian inference, epistemology, information criteria, model averaging, model selection},
year = {2004}
}

@article{Feld2016,
   author = {Feld, C. K. and Segurado, P. and Gutierrez-Canovas, C.},
   title = {Analysing the impact of multiple stressors in aquatic biomonitoring data: A 'cookbook' with applications in R},
   journal = {Science of the Total Environment},
   volume = {573},
   pages = {1320-1339},
   ISSN = {0048-9697},
   DOI = {10.1016/j.scitotenv.2016.06.243},
   year = {2016}
}

@article{Fischhoff16092014,
author = {Fischhoff, Baruch and Davis, Alex L.}, 
title = {Communicating scientific uncertainty},
volume = {111}, 
number = {Supplement 4}, 
pages = {13664-13671}, 
year = {2014}, 
doi = {10.1073/pnas.1317504111}, 
journal = {Proceedings of the National Academy of Sciences} 
}

@article{Forbes2011,
Author = {Forbes, Valery E. and Calow, Peter and Grimm, Volker and Hayashi,
   Takehiko I. and Jager, Tjalling and Katholm, Agnete and Palmqvist,
   Annemette and Pastorok, Rob and Salvito, Dan and Sibly, Richard and
   Spromberg, Julann and Stark, John and Stillman, Richard A.},
Title = {{Adding Value to Ecological Risk Assessment with Population Modeling}},
Journal = {{HUMAN AND ECOLOGICAL RISK ASSESSMENT}},
Year = {2011},
Volume = {17},
Number = {2},
Pages = {287-299},
Publisher = {{TAYLOR \& FRANCIS INC}},
Address = {{325 CHESTNUT ST, SUITE 800, PHILADELPHIA, PA 19106 USA}},
DOI = {{10.1080/10807039.2011.552391}},
Article-Number = {{PII 936287334}},
Keywords = {ecological risk assessment; population modeling; environmental
   management; extinction risk; extrapolation; socioeconomic analysis},
Keywords-Plus = {INDIVIDUAL-BASED MODEL; LIFE-HISTORY STRATEGIES; CHRONIC TOXICITY;
   DYNAMICS; SCENARIOS; CHEMICALS; LESSONS; FISH},
}

@article{franklin2013species,
  title={Species distribution models in conservation biogeography: developments and challenges},
  author={Franklin, Janet},
  journal={Diversity and Distributions},
  volume={19},
  number={10},
  pages={1217-1223},
  year={2013},
  publisher={Wiley Online Library}
}

@article{Frick2008,
author = {Frick, Walter E. and Ge, Zhongfu and Zepp, Richard G.},
title = {Nowcasting and Forecasting Concentrations of Biological Contaminants at Beaches: A Feasibility and Case Study},
journal = {Environmental Science \& Technology},
volume = {42},
number = {13},
pages = {4818-4824},
year = {2008},
doi = {10.1021/es703185p},
    note ={PMID: 18678011}
}
@article{Fulton2004,
title = "Biogeochemical marine ecosystem models II: the effect of physiological detail on model performance",
journal = "Ecological Modelling",
volume = "173",
number = "4",
pages = "371 - 406",
year = "2004",
issn = "0304-3800",
doi = "https://doi.org/10.1016/j.ecolmodel.2003.09.024",
author = "Elizabeth A. Fulton and John S. Parslow and Anthony D.M. Smith and Craig R. Johnson",
keywords = "Biogeochemical, Model, Ecosystem, ERSEM, Port Phillip Bay, IGBEM, BM2",
}

@book{Gelman2014,
Author = {Gelman, Andrew and John B. Carlin and Hal S. Stern and David B. Dunson, Aki Vehtari and Donald B. Rubin},
ISBN = {9781439840955},
Publisher = {Boca Raton : CRC Press, 2014.},
Series = {Chapman \& Hall/CRC texts in statistical science},
Title = {Bayesian data analysis},
Year = {2014},
}

@article{Getz2018,
   author = {Getz, Wayne M. and Marshall, Charles R. and Carlson, Colin J. and Giuggioli, Luca and Ryan, Sadie J. and Romañach, Stephanie S. and Boettiger, Carl and Chamberlain, Samuel D. and Larsen, Laurel and D’Odorico, Paolo and O’Sullivan, David},
   title = {Making ecological models adequate},
   journal = {Ecology Letters},
   volume = {21},
   number = {2},
   pages = {153-166},
   DOI = {doi:10.1111/ele.12893},
   year = {2018}
}

@article{Gregr2014,
    author = {Gregr, Edward J. and Chan, Kai M.A.},
    title = "{Leaps of Faith: How Implicit Assumptions Compromise the Utility of Ecosystem Models for Decision-making}",
    journal = {BioScience},
    volume = {65},
    number = {1},
    pages = {43-54},
    year = {2014},
    month = {12},
    issn = {0006-3568},
    doi = {10.1093/biosci/biu185}
}

@article{Grimm2010_ODD,
	title = {The {ODD} protocol {A} review and first update},
	volume = {221},
	doi = {10.1016/j.ecolmodel.2010.08.019},
	number = {23},
	journal = {Ecological Modelling},
	author = {Grimm, V. and Berger, U. and DeAngelis, D. L. and Polhill, J. G. and Giske, J. and Railsback, S. F.},
	year = {2010},
	keywords = {communication, ECOLOGY, Individual-based models, model description, Model formulation, Model replication, scientific, Standardization, systems},
	pages = {2760--2768},
}

@article{guillera2015my,
  title={Is my species distribution model fit for purpose? Matching data and models to applications},
  author={Guillera-Arroita, Gurutzeta and Lahoz-Monfort, Jos{\'e} J and Elith, Jane and Gordon, Ascelin and Kujala, Heini and Lentini, Pia E and McCarthy, Michael A and Tingley, Reid and Wintle, Brendan A},
  journal={Global Ecology and Biogeography},
  volume={24},
  number={3},
  pages={276--292},
  year={2015},
  publisher={Wiley Online Library}
}

@article{Guisan2000,
title = "Predictive habitat distribution models in ecology",
journal = "Ecological Modelling",
volume = "135",
number = "2",
pages = "147 - 186",
year = "2000",
issn = "0304-3800",
doi = "https://doi.org/10.1016/S0304-3800(00)00354-9",
author = "Antoine Guisan and Niklaus E. Zimmermann",
keywords = "Biogeography, Plant ecology, Vegetation models, Species models, Model formulation, Model calibration, Model predictions, Model evaluation, Model credibility, Model applicability, GIS, Statistics"
}

@article{Guisan2013,
   author = {Guisan, Antoine and Tingley, Reid and Baumgartner, John B. and Naujokaitis-Lewis, Ilona and Sutcliffe, Patricia R. and Tulloch, Ayesha I. T. and Regan, Tracey J. and Brotons, Lluis and McDonald-Madden, Eve and Mantyka-Pringle, Chrystal and Martin, Tara G. and Rhodes, Jonathan R. and Maggini, Ramona and Setterfield, Samantha A. and Elith, Jane and Schwartz, Mark W. and Wintle, Brendan A. and Broennimann, Olivier and Austin, Mike and Ferrier, Simon and Kearney, Michael R. and Possingham, Hugh P. and Buckley, Yvonne M.},
   title = {Predicting species distributions for conservation decisions},
   journal = {Ecology Letters},
   volume = {16},
   number = {12},
   pages = {1424-1435},
   ISSN = {1461-0248},
   DOI = {10.1111/ele.12189},
   year = {2013}
}

@article{Hampton2013bigdata,
   author = {Hampton, Stephanie E. and Strasser, Carly A. and Tewksbury, Joshua J. and Gram, Wendy K. and Budden, Amber E. and Batcheller, Archer L. and Duke, Clifford S. and Porter, John H.},
   title = {Big data and the future of ecology},
   journal = {Frontiers in Ecology and the Environment},
   volume = {11},
   number = {3},
   pages = {156-162},
   ISSN = {1540-9309},
   DOI = {10.1890/120103},
   year = {2013}
}

@article{hari2016conceptual,
  title={Conceptual design of a measurement network of the global change},
  author={Hari, P and Pet{\"a}j{\"a}, T and B{\"a}ck, J and Kerminen, V-M and Lappalainen, Hanna K and Vihma, Timo and Laurila, Tuomas and Viisanen, Yrj{\"o} and Vesala, T and Kulmala, Markku},
  journal={Atmospheric Chemistry and Physics},
  volume={16},
  number={2},
  pages={1017--1028},
  year={2016},
  publisher={Copernicus GmbH}
}

@article{haylock2008european,
  title={A European daily high-resolution gridded data set of surface temperature and precipitation for 1950--2006},
  author={Haylock, MR and Hofstra, N and Klein Tank, AMG and Klok, EJ and Jones, PD and New, M},
  journal={Journal of Geophysical Research: Atmospheres},
  volume={113},
  number={D20},
  year={2008},
  publisher={Wiley Online Library}
}

@article{ Hering2018,
   author = {Hering, Daniel and Borja, Angel and Jones, J. Iwan and Pont, Didier and Boets, Pieter and Bouchez, Agnes and Bruce, Kat and Drakare, Stina and Hänfling, Bernd and Kahlert, Maria and Leese, Florian and Meissner, Kristian and Mergen, Patricia and Reyjol, Yorick and Segurado, Pedro and Vogler, Alfried and Kelly, Martyn},
   title = {Implementation options for DNA-based identification into ecological status assessment under the European Water Framework Directive},
   journal = {Water Research},
   volume = {138},
   pages = {192-205},
   ISSN = {0043-1354},
   DOI = {https://doi.org/10.1016/j.watres.2018.03.003},
   year = {2018},
   type = {Journal Article}
}

@article{hill2014predicting,
  title={Predicting thermal vulnerability of stream and river ecosystems to climate change},
  author={Hill, Ryan A and Hawkins, Charles P and Jin, Jiming},
  journal={Climatic change},
  volume={125},
  number={3-4},
  pages={399--412},
  year={2014},
  publisher={Springer}
}

@article{Hunka2013,
	title = {Stakeholders’ Perspective on Ecological Modeling in Environmental Risk Assessment of Pesticides: Challenges and Opportunities},
	volume = {33},
    year = {2013},
	issn = {1539-6924},
	doi = {10.1111/j.1539-6924.2012.01835.x},
	shorttitle = {Stakeholders’ Perspective on Ecological Modeling in Environmental Risk Assessment of Pesticides},
	pages = {68--79},
	number = {1},
	journal = {Risk Analysis},
	author = {Hunka, Agnieszka D. and Meli, Mattia and Thit, Amalie and Palmqvist, Annemette and Thorbek, Pernille and Forbes, Valery E.},
	keywords = {Ecological models, population models, Risk assessment, stakeholder views},
}

@article{Janssen2015,
author="Janssen, Annette B. G. and Arhonditsis, George B. and Beusen, Arthur and Bolding, Karsten and Bruce, Louise and Bruggeman, Jorn and Couture, Raoul-Marie and Downing, Andrea S. and Alex Elliott, J. and Frassl, Marieke A. and Gal, Gideon and Gerla, Daan J. and Hipsey, Matthew R. and Hu, Fenjuan and Ives, Stephen C. and Janse, Jan H. and Jeppesen, Erik and J{\"o}hnk, Klaus D. and Kneis, David and Kong, Xiangzhen and Kuiper, Jan J. and Lehmann, Moritz K. and Lemmen, Carsten and {\"O}zkundakci, Deniz and Petzoldt, Thomas and Rinke, Karsten and Robson, Barbara J. and Sachse, Ren{\'e} and Schep, Sebastiaan A. and Schmid, Martin and Scholten, Huub and Teurlincx, Sven and Trolle, Dennis and Troost, Tineke A. and Van Dam, Anne A. and Van Gerven, Luuk P. A. and Weijerman, Mariska and Wells, Scott A. and Mooij, Wolf M.",
title="Exploring, exploiting and evolving diversity of aquatic ecosystem models: a community perspective",
journal="Aquatic Ecology",
year="2015",
volume="49",
number="4",
pages="513--548",
issn="1573-5125",
doi="10.1007/s10452-015-9544-1",
}

@article{Jakeman2006,
title = "Ten iterative steps in development and evaluation of environmental models",
journal = "Environmental Modelling \& Software",
volume = "21",
number = "5",
pages = "602 - 614",
year = "2006",
issn = "1364-8152",
doi = "https://doi.org/10.1016/j.envsoft.2006.01.004",
author = "A.J. Jakeman and R.A. Letcher and J.P. Norton",
keywords = "Model testing, Verification, Uncertainty, Sensitivity, Integrated assessment, System identification"
}

@Article{Jones2016,
AUTHOR = {Jones, E. M. and Baird, M. E. and Mongin, M. and Parslow, J. and Skerratt, J. and Lovell, J. and Margvelashvili, N. and Matear, R. J. and Wild-Allen, K. and Robson, B. and Rizwi, F. and Oke, P. and King, E. and Schroeder, T. and Steven, A. and Taylor, J.},
TITLE = {Use of remote-sensing reflectance to constrain a data assimilating marine
biogeochemical model of the Great Barrier Reef},
JOURNAL = {Biogeosciences},
VOLUME = {13},
YEAR = {2016},
NUMBER = {23},
PAGES = {6441--6469},
DOI = {10.5194/bg-13-6441-2016}
}

@article{Kattwinkel2016streambugs,
   author = {Kattwinkel, Mira and Reichert, Peter and Rüegg, Johanna and Liess, Matthias and Schuwirth, Nele},
   title = {Modeling Macroinvertebrate Community Dynamics in Stream Mesocosms Contaminated with a Pesticide},
   journal = {Environmental Science \& Technology},
   volume = {50},
   number = {6},
   pages = {3165-3173},
   ISSN = {0013-936X},
   DOI = {10.1021/acs.est.5b04068},
   year = {2016}
}

@article{Kattwinkel2017PMCMC,
   author = "Kattwinkel, Mira and Reichert, Peter",
   title = "Bayesian parameter inference for individual-based models using a Particle Markov Chain Monte Carlo method",
   journal = "Environmental Modelling \& Software",
   volume = "87",
   number = "Supplement C",
   pages = "110 - 119",
   ISSN = "1364-8152",
   DOI = "https://doi.org/10.1016/j.envsoft.2016.11.001",
   year = "2017"
}

@article{Keeney1982,
author = {Ralph L. Keeney},
title = {Feature Article—Decision Analysis: An Overview},
journal = {Operations Research},
volume = {30},
number = {5},
pages = {803-838},
year = {1982},
doi = {10.1287/opre.30.5.803}
}

@book{Keeney1996,
      author = {Keeney, Ralph L},
   title = {Value-focused thinking: a path to creative decisionmaking},
   publisher = {Harvard University Press},
   ISBN = {067493198X},
   year = {1996},
   type = {Book}
}

@article{Kneis2017,
title = "An R-package to boost fitness and life expectancy of environmental models",
journal = "Environmental Modelling \& Software",
volume = "96",
pages = "123 - 127",
year = "2017",
issn = "1364-8152",
doi = "https://doi.org/10.1016/j.envsoft.2017.06.036",
author = "David Kneis and Thomas Petzoldt and Thomas U. Berendonk",
keywords = "Differential equations, Stoichiometry matrix, Code generation, rodeo, R-package, Fortran"
}

@article {Knutti4647,
	author = {Knutti, Reto},
	title = {Should we believe model predictions of future climate change?},
	volume = {366},
	number = {1885},
	pages = {4647--4664},
	year = {2008},
	doi = {10.1098/rsta.2008.0169},
	publisher = {The Royal Society},
	issn = {1364-503X},
	journal = {Philosophical Transactions of the Royal Society of London A: Mathematical, Physical and Engineering Sciences}
}

@article{Krapu2019,
title = "Probabilistic programming: A review for environmental modellers",
journal = "Environmental Modelling \& Software",
volume = "114",
pages = "40 - 48",
year = "2019",
issn = "1364-8152",
doi = "https://doi.org/10.1016/j.envsoft.2019.01.014",
author = "Christopher Krapu and Mark Borsuk",
keywords = "Bayesian statistics, Parameter estimation, Uncertainty quantification, Probabilistic programming"
}

@article {Krzysztofowicz1999,
author = {Krzysztofowicz, Roman},
title = {Bayesian theory of probabilistic forecasting via deterministic hydrologic model},
journal = {Water Resources Research},
volume = {35},
number = {9},
issn = {1944-7973},
doi = {10.1029/1999WR900099},
pages = {2739--2750},
keywords = {Stochastic hydrology, Streamflow},
year = {1999},
}

@article{kuemmerlen2015attack,
  title={An attack on two fronts: predicting how changes in land use and climate affect the distribution of stream macroinvertebrates},
  author={Kuemmerlen, Mathias and Schmalz, Britta and Cai, Qinghua and Haase, Peter and Fohrer, Nicola and J{\"a}hnig, Sonja C},
  journal={Freshwater biology},
  volume={60},
  number={7},
  pages={1443--1458},
  year={2015},
  publisher={Wiley Online Library}
}

@article{Lenhart2010,
title = "Predicting the consequences of nutrient reduction on the eutrophication status of the North Sea",
journal = "Journal of Marine Systems",
volume = "81",
number = "1",
pages = "148 - 170",
year = "2010",
note = "Contributions from Advances in Marine Ecosystem Modelling Research II 23-26 June 2008, Plymouth, UK",
issn = "0924-7963",
doi = "https://doi.org/10.1016/j.jmarsys.2009.12.014",
author = "Hermann-J. Lenhart and David K. Mills and Hanneke Baretta-Bekker and Sonja M. van Leeuwen and Johan van der Molen and Job W. Baretta and Meinte Blaas and Xavier Desmit and Wilfried Kühn and Geneviève Lacroix and Hans J. Los and Alain Ménesguen and Ramiro Neves and Roger Proctor and Piet Ruardij and Morten D. Skogen and Alice Vanhoutte-Brunier and Monique T. Villars and Sarah L. Wakelin",
keywords = "Eutrophication, Ecosystem modeling, OSPAR Comprehensive Procedure, Eutrophication assessment, North Sea, River nutrient loads, Reduction scenarios"
}

@article{lunn2000winbugs,
  title={WinBUGS-a Bayesian modelling framework: concepts, structure, and extensibility},
  author={Lunn, David J and Thomas, Andrew and Best, Nicky and Spiegelhalter, David},
  journal={Statistics and computing},
  volume={10},
  number={4},
  pages={325--337},
  year={2000},
  publisher={Springer}
}

@article{willcock_2018,
title = {Machine learning for ecosystem services},
author = {Willcock, Simon and Martínez-López, Javier and Hooftman, Danny A.P. and Bagstad, Kenneth J. and Balbi, Stefano and Marzo, Alessia and Prato, Carlo and Sciandrello, Saverio and Signorello, Giovanni and Voigt, Brian and Villa, Ferdinando and Bullock, James M. and Athanasiadis, Ioannis N.},
year = {2018},
month = {may},
journal = {Ecosystem Services},
issn = {22120416},
doi = {10.1016/j.ecoser.2018.04.004}
}

@book{dubois_2013,
title = {An introduction to the Digital Observatory for Protected Areas ({DOPA}) and the {DOPA} Explorer (Beta)},
author = {Dubois, Grégoire and Schulz, Michael and Klooster, Jurriaan and Verbeeck, Bart and Mayaux, Philippe and Skoien, Jon and Cottam, Andrew and Temperley, William and Clerici, Marco and Drakou, Evangelia and van\textquoterightt Klooster, Jurriaan and Verbeeck, Bart and Palumbo, Ilaria and Derycke, Pascal and Pekel, Jean-François and Martínez-López, Javier and Peedell, Stephen and Mayaux, Philippe},
editor = {Commission, European},
publisher = {Publications Office of the European Union},
year = {2013},
isbn = {978-92-79-33612-6}
}

@article{villa,
    author = {Villa, Ferdinando AND Bagstad, Kenneth J. AND Voigt, Brian AND Johnson, Gary W. AND Portela, Rosimeiry AND Honzák, Miroslav AND Batker, David},
    journal = {PLOS ONE},
    publisher = {Public Library of Science},
    title = {A Methodology for Adaptable and Robust Ecosystem Services Assessment},
    year = {2014},
    month = {03},
    volume = {9},
    pages = {1-18},
    number = {3},
    doi = {10.1371/journal.pone.0091001}
}

@article{ml_t1,
title = "Towards globally customizable ecosystem service models",
journal = "Science of The Total Environment",
volume = "650",
pages = "2325 - 2336",
year = "2019",
issn = "0048-9697",
doi = "https://doi.org/10.1016/j.scitotenv.2018.09.371",
author = "Javier Martínez-López and Kenneth J. Bagstad and Stefano Balbi and Ainhoa Magrach and Brian Voigt and Ioannis Athanasiadis and Marta Pascual and Simon Willcock and Ferdinando Villa",
keywords = "ARIES, Cloud-based modeling, Context-aware modeling, Decision making, Semantic modeling, Spatial multi-criteria analysis"
}

@article{ml_bvl,
title = "Participatory coastal management through elicitation of ecosystem service preferences and modelling driven by “coastal squeeze”",
journal = "Science of The Total Environment",
volume = "652",
pages = "1113 - 1128",
year = "2019",
doi = "https://doi.org/10.1016/j.scitotenv.2018.10.309",
author = "Javier Martínez-López and Heliana Teixeira and Mariana Morgado and María Almagro and Ana I. Sousa and Ferdinando Villa and Stefano Balbi and Ana Genua-Olmedo and Antonio J.A. Nogueira and Ana I. Lillebø",
keywords = "Coastal lagoons, Ecosystem-based management, Spatial multi-criteria analysis, Saltmarshes, Biodiversity"
}

@Article{ml16,
AUTHOR = {Martínez-López, Javier and Bertzky, Bastian and Bonet-García, Francisco Javier and Bastin, Lucy and Dubois, Grégoire},
TITLE = {Biophysical Characterization of Protected Areas Globally through Optimized Image Segmentation and Classification},
JOURNAL = {Remote Sensing},
VOLUME = {8},
YEAR = {2016},
NUMBER = {9},
PAGES = {780},
DOI = {10.3390/rs8090780}
}

@article{ml15,
title = "An open-source spatio-dynamic wetland model of plant community responses to hydrological pressures ",
journal = "Ecological Modelling ",
volume = "306",
number = "",
pages = "326 - 333",
year = "2015",
doi = "http://dx.doi.org/10.1016/j.ecolmodel.2014.11.024",
author = "Javier Martínez-López and Julia Martínez-Fernández and Babak Naimi and María F. Carreño and Miguel A. Esteve"
}

@article{ml13,
  title={Free advanced modeling and remote-sensing techniques for wetland watershed delineation and monitoring},
  author={Mart{\'\i}nez-L{\'o}pez, Javier and Carre{\~n}o, Mar{\'\i}a F. and Palaz{\'o}n-Ferrando, Jos{\'e} A. and Mart{\'\i}nez-Fern{\'a}ndez, Julia and Esteve, Miguel A.},
  journal={International Journal of Geographical Information Science},
  pages={1--16},
  year={2013}
}

@article{Mieleitner2006,
title = "Analysis of the transferability of a biogeochemical lake model to lakes of different trophic state",
journal = "Ecological Modelling",
volume = "194",
number = "1",
pages = "49 - 61",
year = "2006",
note = "Special Issue on the Fourth European Conference on Ecological Modelling",
issn = "0304-3800",
doi = "https://doi.org/10.1016/j.ecolmodel.2005.10.039",
author = "Johanna Mieleitner and Peter Reichert",
keywords = "Water quality modelling, Transferability, Sensitivity analysis, Parameter estimation, Generality",
}

@article{mirtl2018genesis,
title = "Genesis, goals and achievements of Long-Term Ecological Research at the global scale: A critical review of ILTER and future directions",
journal = "Science of The Total Environment",
volume = "626",
pages = "1439 - 1462",
year = "2018",
issn = "0048-9697",
doi = "https://doi.org/10.1016/j.scitotenv.2017.12.001",
author = "M. Mirtl and E. T. Borer and I. Djukic and M. Forsius and H. Haubold and W. Hugo and J. Jourdan and D. Lindenmayer and W.H. McDowell and H. Muraoka and D.E. Orenstein and J.C. Pauw and J. Peterseil and H. Shibata and C. Wohner and X. Yu and P. Haase",
keywords = "Ecosystems, Environment, Observation, Data management, Biodiversity, Socio-ecology"
}

@article{Mondy2017Streambugs,
   author = {Mondy, Cédric P. and Schuwirth, Nele},
   title = {Integrating ecological theories and traits in process-based modeling of macroinvertebrate community dynamics in streams},
   journal = {Ecological Applications},
   volume = {27},
   number = {4},
   pages = {1365-1377},
   ISSN = {1939-5582},
   DOI = {10.1002/eap.1530},
   year = {2017}
}

@book{Molnar2019,
  title      = {Interpretable Machine Learning},
  author     = {Christoph Molnar},
  note       = {\url{https://christophm.github.io/interpretable-ml-book/}},
  year       = {2019},
  subtitle   = {A Guide for Making Black Box Models Explainable}
}

@article{Montavon2018,
title = "Methods for interpreting and understanding deep neural networks",
journal = "Digital Signal Processing",
volume = "73",
pages = "1 - 15",
year = "2018",
issn = "1051-2004",
doi = "https://doi.org/10.1016/j.dsp.2017.10.011",
author = "Grégoire Montavon and Wojciech Samek and Klaus-Robert Müller",
keywords = "Deep neural networks, Activation maximization, Sensitivity analysis, Taylor decomposition, Layer-wise relevance propagation"
}

@article{Montoya2009,
   author = {Montoya, José A. and Díaz-Francés, Eloísa and Sprott, David A.},
   title = {On a criticism of the profile likelihood function},
   journal = {Statistical Papers},
   volume = {50},
   number = {1},
   pages = {195-202},
   ISSN = {1613-9798},
   DOI = {10.1007/s00362-007-0056-5},
   year = {2009}
}

@article{Mooij2010AqEc,
   author = {Mooij, Wolf M. and Trolle, Dennis and Jeppesen, Erik and Arhonditsis, George and Belolipetsky, Pavel V. and Chitamwebwa, Deonatus B. R. and Degermendzhy, Andrey G. and DeAngelis, Donald L. and De Senerpont Domis, Lisette N. and Downing, Andrea S. and Elliott, J. Alex and Fragoso, Carlos Ruberto and Gaedke, Ursula and Genova, Svetlana N. and Gulati, Ramesh D. and Håkanson, Lars and Hamilton, David P. and Hipsey, Matthew R. and ‘t Hoen, Jochem and Hülsmann, Stephan and Los, F. Hans and Makler-Pick, Vardit and Petzoldt, Thomas and Prokopkin, Igor G. and Rinke, Karsten and Schep, Sebastiaan A. and Tominaga, Koji and Van Dam, Anne A. and Van Nes, Egbert H. and Wells, Scott A. and Janse, Jan H.},
   title = {Challenges and opportunities for integrating lake ecosystem modelling approaches},
   journal = {Aquatic Ecology},
   volume = {44},
   number = {3},
   pages = {633-667},
   ISSN = {1573-5125},
   DOI = {10.1007/s10452-010-9339-3},
   year = {2010}
}

@article{Mooij2014,
title = "Serving many at once: How a database approach can create unity in dynamical ecosystem modelling",
journal = "Environmental Modelling \& Software",
volume = "61",
number = "Supplement C",
pages = "266 - 273",
year = "2014",
issn = "1364-8152",
doi = "https://doi.org/10.1016/j.envsoft.2014.04.004",
author = "Wolf M. Mooij and Robert J. Brederveld and Jeroen J.M. de Klein and Don L. DeAngelis and Andrea S. Downing and Michiel Faber and Daan J. Gerla and Matthew R. Hipsey and Jochem 't Hoen and Jan H. Janse and Annette B.G. Janssen and Michel Jeuken and Bob W. Kooi and Betty Lischke and Thomas Petzoldt and Leo Postma and Sebastiaan A. Schep and Huub Scholten and Sven Teurlincx and Christophe Thiange and Dennis Trolle and Anne A. van Dam and Luuk P.A. van Gerven and Egbert H. van Nes and Jan J. Kuiper",
keywords = "Modelling framework, Programming language, Differential equation, Community-based modelling, Database approach to modelling, DATM"
}

@article{Neyman1937,
 ISSN = {00804614},
 author = {J. Neyman},
 journal = {Philosophical Transactions of the Royal Society of London. Series A, Mathematical and Physical Sciences},
 number = {767},
 pages = {333-380},
 publisher = {The Royal Society},
 title = {Outline of a Theory of Statistical Estimation Based on the Classical Theory of Probability},
 volume = {236},
 year = {1937}
}

@Article{ocpu,
    title = {The OpenCPU System: Towards a Universal Interface for
      Scientific Computing through Separation of Concerns},
    author = {Jeroen Ooms},
    journal = {arXiv:1406.4806 [stat.CO]},
    year = {2014}
  }

@article{Paillex2017streambugs,
   author = {Paillex, Amael and Reichert, Peter and Lorenz, Armin W. and Schuwirth, Nele},
   title = {Mechanistic modelling for predicting the effects of restoration, invasion and pollution on benthic macroinvertebrate communities in rivers},
   journal = {Freshwater Biology},
   volume = {62},
   number = {6},
   pages = {1083-1093},
   ISSN = {1365-2427},
   DOI = {10.1111/fwb.12927},
   year = {2017}
}

@article{Papernot2018,
  title={Deep k-Nearest Neighbors: Towards Confident, Interpretable and Robust Deep Learning},
  author={Nicolas Papernot and Patrick D. McDaniel},
  journal={ArXiv},
  year={2018},
  volume={abs/1803.04765}
}

@article{Parasiewicz2001,
author = { Piotr   Parasiewicz },
title = {MesoHABSIM: A concept for application of instream flow models in river restoration planning},
journal = {Fisheries},
volume = {26},
number = {9},
pages = {6-13},
year  = {2001},
publisher = {Taylor & Francis},
doi = {10.1577/1548-8446(2001)026<0006:M>2.0.CO;2}
}

@article{Parrott2017,
   author = {Parrott, L.},
   title = {The modelling spiral for solving 'wicked' environmental problems: guidance for stakeholder involvement and collaborative model development},
   journal = {Methods in Ecology and Evolution},
   volume = {8},
   number = {8},
   pages = {1005-1011},
   ISSN = {2041-210X},
   DOI = {10.1111/2041-210x.12757},
   year = {2017}
}


@article{Pearl2018,
   title={Theoretical Impediments to Machine Learning With Seven Sparks from the Causal Revolution},
   ISBN={9781450355810},
   DOI={10.1145/3159652.3176182},
   journal={Proceedings of the Eleventh ACM International Conference on Web Search and Data Mining  - WSDM  ’18},
   publisher={ACM Press},
   author={Pearl, Judea},
   year={2018}
}

@article{Peer2013_PVAprotocol,
	title = {A {Protocol} for {Better} {Design}, {Application}, and {Communication} of {Population} {Viability} {Analyses}},
	volume = {27},
	issn = {1523-1739},
	doi = {10.1111/cobi.12076},
	language = {en},
	number = {4},
	journal = {Conservation Biology},
	author = {Pe'er, Guy and Matsinos, Yiannis G. and Johst, Karin and Franz, Kamila W. and Turlure, Camille and Radchuk, Viktoriia and Malinowska, Agnieszka H. and Curtis, Janelle M.r. and Naujokaitis-Lewis, Ilona and Wintle, Brendan A. and Henle, Klaus},
	year = {2013},
	keywords = {ciencia de la comunicación, documentación del modelo, ecological modeling, evaluación de riesgo, meta análisis, Meta-analysis, modelación ecológica, model documentation, reportaje estandarizado, Risk assessment, science communication, standardized reporting},
	pages = {644--656},
}

@article {Peters2014,
author = {Peters, Debra P. C. and Havstad, Kris M. and Cushing, Judy and Tweedie, Craig and Fuentes, Olac and Villanueva-Rosales, Natalia},
title = {Harnessing the power of big data: infusing the scientific method with machine learning to transform ecology},
journal = {Ecosphere},
volume = {5},
number = {6},
publisher = {Ecological Society of America},
issn = {2150-8925},
doi = {10.1890/ES13-00359.1},
pages = {1--15},
year = {2014}
}

@article{pettorelli2014satellite,
  title={Satellite remote sensing for applied ecologists: opportunities and challenges},
  author={Pettorelli, Nathalie and Laurance, William F and O'Brien, Timothy G and Wegmann, Martin and Nagendra, Harini and Turner, Woody},
  journal={Journal of Applied Ecology},
  volume={51},
  number={4},
  pages={839--848},
  year={2014},
  publisher={Wiley Online Library}
}

@article{Phillips2006,
title = "Maximum entropy modeling of species geographic distributions",
journal = "Ecological Modelling",
volume = "190",
number = "3",
pages = "231 - 259",
year = "2006",
issn = "0304-3800",
doi = "https://doi.org/10.1016/j.ecolmodel.2005.03.026",
author = "Steven J. Phillips and Robert P. Anderson and Robert E. Schapire",
keywords = "Maximum entropy, Distribution, Modeling, Niche, Range"
}

@inproceedings{plummer2003jags,
  title={JAGS: A program for analysis of Bayesian graphical models using Gibbs sampling},
  author={Plummer, Martyn},
  booktitle={Proceedings of the 3rd international workshop on distributed statistical computing},
  volume={124},
  pages={125},
  year={2003},
  organization={Vienna, Austria}
}

@article{porfirio2014improving,
  title={Improving the use of species distribution models in conservation planning and management under climate change},
  author={Porfirio, Luciana L and Harris, Rebecca MB and Lefroy, Edward C and Hugh, Sonia and Gould, Susan F and Lee, Greg and Bindoff, Nathaniel L and Mackey, Brendan},
  journal={PLoS One},
  volume={9},
  number={11},
  pages={e113749},
  year={2014},
  publisher={Public Library of Science}
}

@MANUAL{RTeam2019,
  title = {{R: A Language and Environment for Statistical Computing}},
  author = {{R Core Team}},
  organization = {R Foundation for Statistical Computing},
  address = {Vienna, Austria},
  year = {2019}
}

@article{Radinger2014,
title = "FIDIMO — A free and open source GIS based dispersal model for riverine fish",
journal = "Ecological Informatics",
volume = "24",
pages = "238 - 247",
year = "2014",
issn = "1574-9541",
doi = "https://doi.org/10.1016/j.ecoinf.2013.06.002",
author = "Johannes Radinger and Jochem Kail and Christian Wolter",
keywords = "GRASS GIS, Fish dispersal, Dispersal modelling, Raster GIS, Leptokurtic dispersal, Dispersal time lags"
}

@article{rahbek2005role,
  title={The role of spatial scale and the perception of large-scale species-richness patterns},
  author={Rahbek, Carsten},
  journal={Ecology letters},
  volume={8},
  number={2},
  pages={224--239},
  year={2005},
  publisher={Wiley Online Library}
}

@article{Ramin2012,
title = "A Bayesian synthesis of predictions from different models for setting water quality criteria",
journal = "Ecological Modelling",
volume = "242",
number = "Supplement C",
pages = "127 - 145",
year = "2012",
issn = "0304-3800",
doi = "https://doi.org/10.1016/j.ecolmodel.2012.05.023",
author = "Maryam Ramin and Tanya Labencki and Duncan Boyd and Dennis Trolle and George B. Arhonditsis",
keywords = "Process-based modelling, Eutrophication, Bayesian inference, Model averaging, Water quality criteria, Decision making, Sediment diagenesis"
}

@article{Randin2006,
author = {Randin, Christophe F. and Dirnböck, Thomas and Dullinger, Stefan and Zimmermann, Niklaus E. and Zappa, Massimiliano and Guisan, Antoine},
title = {Are niche-based species distribution models transferable in space?},
journal = {Journal of Biogeography},
volume = {33},
number = {10},
pages = {1689-1703},
keywords = {Austria, generality, generalized additive models (GAM), generalized linear models (GLM), geographical transferability, habitat distribution, model evaluation, predictions, spatial modelling, Switzerland},
doi = {10.1111/j.1365-2699.2006.01466.x},
year = {2006}
}


@article{Refsgaard2006,
title = "A framework for dealing with uncertainty due to model structure error",
journal = "Advances in Water Resources",
volume = "29",
number = "11",
pages = "1586 - 1597",
year = "2006",
issn = "0309-1708",
doi = "https://doi.org/10.1016/j.advwatres.2005.11.013",
author = "Jens Christian Refsgaard and Jeroen P. van der Sluijs and James Brown and Peter van der Keur"
}

@article{REICHERT1997,
title = "On the usefulness of overparameterized ecological models",
author = "Peter Reichert and Martin Omlin",
journal = "Ecological Modelling",
volume = "95",
number = "2",
pages = "289 - 299",
year = "1997",
note = "",
issn = "0304-3800",
doi = "http://dx.doi.org/10.1016/S0304-3800(96)00043-9"
}

@Book{Reichert2001,
  Title                    = {River water quality model No. 1},
  Author                   = {Reichert, P. and Borchardt, D. and Henze, M. and Rauch, W. and Shanahan, P. and Somlyody, L. and Vanrolleghem, P. A.},
  Publisher                = {IWA Publishing},
  Year                     = {2001}
}

@article{Reichert2005,
   author = {Reichert, P. and Borsuk, M. E.},
   title = {Does high forecast uncertainty preclude effective decision support?},
   journal = {Environmental Modelling \& Software},
   volume = {20},
   number = {8},
   pages = {991-1001},
   ISSN = {1364-8152},
   DOI = {10.1016/j.envsoft.2004.10.005},
   year = {2005}
}

@article{Reichert2015,
   author = {Reichert, Peter and Langhans, Simone D. and Lienert, Judit and Schuwirth, Nele},
   title = {The conceptual foundation of environmental decision support},
   journal = {Journal of Environmental Management},
   volume = {154},
   pages = {316-332},
   ISSN = {0301-4797},
   DOI = {http://dx.doi.org/10.1016/j.jenvman.2015.01.053},
   year = {2015}
}

@article{Robson2014,
title = "When do aquatic systems models provide useful predictions, what is changing, and what is next?",
journal = "Environmental Modelling \& Software",
volume = "61",
pages = "287 - 296",
year = "2014",
issn = "1364-8152",
doi = "https://doi.org/10.1016/j.envsoft.2014.01.009",
author = "Barbara J. Robson",
keywords = "Modelling philosophy, Biogeochemical modelling, Ecological models, Developments, Progress, Knowledge gaps",
}

@article{Robson2018,
title = "Towards evidence-based parameter values and priors for aquatic ecosystem modelling",
journal = "Environmental Modelling \& Software",
volume = "100",
pages = "74 - 81",
year = "2018",
issn = "1364-8152",
doi = "https://doi.org/10.1016/j.envsoft.2017.11.018",
author = "Barbara J. Robson and George B. Arhonditsis and Mark E. Baird and Jerome Brebion and Kyle F. Edwards and Leonie Geoffroy and Marie-Pier Hébert and Virginie van Dongen-Vogels and Emlyn M. Jones and Carla Kruk and Mathieu Mongin and Yuko Shimoda and Jennifer H. Skerratt and Stacey M. Trevathan-Tackett and Karen Wild-Allen and Xiangzhen Kong and Andy Steven",
keywords = "Parameterisation, Biogeochemical rates, Biological traits, Aquatic ecosystems, Parameter priors, Seagrass, Phytoplankton, Zooplankton, Remineralisation",
}

@article{RodriguezMerino2017,
	author = {Argantonio Rodríguez-Merino and Rocío Fernández-Zamudio and Pablo García-Murillo},
	title = {An invasion risk map for non-native aquatic macrophytes of the Iberian Peninsula},
	journal = {Anales del Jardín Botánico de Madrid},
	volume = {74},
	number = {1},
	year = {2017},
    issn = {1988-3196},	
    pages = {055},	
    doi = {10.3989/ajbm.2452}
}
     
@article{schmalz2015modelling,
  title={Modelling spatial distribution of surface runoff and sediment yield in a Chinese river basin without continuous sediment monitoring},
  author={Schmalz, B and Zhang, Q and Kuemmerlen, M and Cai, Q and J{\"a}hnig, SC and Fohrer, N},
  journal={Hydrological Sciences Journal},
  volume={60},
  number={5},
  pages={801--824},
  year={2015},
  publisher={Taylor \& Francis}
}

@article{SchmidtKloiber2015,
   author = {Schmidt-Kloiber, Astrid and Hering, Daniel},
   title = {www.freshwaterecology.info – An online tool that unifies, standardises and codifies more than 20,000 European freshwater organisms and their ecological preferences},
   journal = {Ecological Indicators},
   volume = {53},
   pages = {271-282},
   ISSN = {1470-160X},
   DOI = {http://dx.doi.org/10.1016/j.ecolind.2015.02.007},
   year = {2015}
}

@article{Schmolke2010Cur,
Author = {Schmolke, Amelie and Thorbek, Pernille and Chapman, Peter and Grimm,
   Volker},
Title = {{Ecological models and pesticide risk assessment: current modeling practice}},
Journal = {{Environmental Toxicology and Chemistry}},
Year = {{2010}},
Volume = {{29}},
Number = {{4}},
Pages = {{1006-1012}},
Publisher = {{WILEY-BLACKWELL}},
Address = {{111 RIVER ST, HOBOKEN 07030-5774, NJ USA}},
DOI = {{10.1002/etc.120}},
Keywords = {{Ecological modeling; Pesticide risk assessment; Population-level
   effects; Toxicity}},
Keywords-Plus = {{POPULATION-DYNAMICS; MANAGEMENT; WILDLIFE; EXTRAPOLATION; CHEMICALS;
   SYSTEMS}},
}

@article{Schmolke2010_TRACE ,
Author = {Schmolke, Amelie and Thorbek, Pernille and DeAngelis, Donald L. and
   Grimm, Volker},
Title = {Ecological models supporting environmental decision making: a strategy for the future},
Journal = {TRENDS IN ECOLOGY \& EVOLUTION},
Year = {2010},
Volume = {25},
Number = {8},
Pages = {479-486},
Publisher = {ELSEVIER SCIENCE LONDON},
Address = {84 THEOBALDS RD, LONDON WC1X 8RR, ENGLAND},
DOI = {10.1016/j.tree.2010.05.001},
}

@article{Schnaars1987,
  title={How to develop and use scenarios},
  author={Schnaars, Steven P},
  journal={Long range planning},
  volume={20},
  number={1},
  pages={105--114},
  year={1987},
  publisher={Elsevier}
}

@Article{Schroeder2000,
    author    = "Schroeder, B. and Richter, O.",
    title     = "Are habitat models transferable in space and time?",
    journal = "Zeitschrift fuer Oekologie und Naturschutz",
    year      =  1999,
    volume    = 8 ,
    number    = "4",
    pages     = "195-205"
    }

@inproceedings{Schuwirth2012iemss,
   author = {Schuwirth, N. and Stamm, C. and Reichert, P.},
   title = {Incorporation of uncertainty in decision support to improve water quality},
   booktitle = {iEMSs 2012 - Managing Resources of a Limited Planet: Proceedings of the 6th Biennial Meeting of the International Environmental Modelling and Software Society},
   pages = {1005-1012},
   year = {2012},
   note = {Export Date: 25 June 2014},
   type = {Conference Proceedings}
}

@article{Schuwirth2013,
author = {Schuwirth, Nele and Reichert, Peter},
title = {Bridging the gap between theoretical ecology and real ecosystems: modeling invertebrate community composition in streams},
journal = {Ecology},
volume = {94},
number = {2},
pages = {368-379},
keywords = {allometric scaling, Bayesian inference, biotic interactions, coexistence, food web model, functional traits, invertebrates, stoichiometry, trait databases, uncertainty},
doi = {10.1890/12-0591.1},
year = {2013}
}


@article{Sequeira2018,
author = {Sequeira Ana M. M. and Bouchet Phil J. and Yates Katherine L. and Mengersen Kerrie and Caley M. Julian},
title = {Transferring biodiversity models for conservation: Opportunities and challenges},
journal = {Methods in Ecology and Evolution},
volume = {9},
number = {5},
pages = {1250-1264},
keywords = {applied ecology, biodiversity, conservation, extrapolation, forecasting, modelling, statistics},
doi = {10.1111/2041-210X.12998}
}

@article{stainforth2007confidence,
  title={Confidence, uncertainty and decision-support relevance in climate predictions},
  author={Stainforth, David A and Allen, Miles R and Tredger, Edward R and Smith, Leonard A},
  journal={Philosophical Transactions of the Royal Society of London A: Mathematical, Physical and Engineering Sciences},
  volume={365},
  number={1857},
  pages={2145--2161},
  year={2007},
  publisher={The Royal Society}
}

@article{Stan2017,
   author = {Bob Carpenter and Andrew Gelman and Matthew Hoffman and Daniel Lee and Ben Goodrich and Michael Betancourt and Marcus Brubaker and Jiqiang Guo and Peter Li and Allen Riddell},
   title = {Stan: A Probabilistic Programming Language},
   journal = {Journal of Statistical Software, Articles},
   volume = {76},
   number = {1},
   year = {2017},
   keywords = {probabilistic programming; Bayesian inference; algorithmic differentiation; Stan},
   issn = {1548-7660},
   pages = {1--32},
   doi = {10.18637/jss.v076.i01}
   }

@article{StewartOaten1986,
   author = {Stewart-Oaten, Allan and Murdoch, William W. and Parker, Keith R.},
   title = {Environmental Impact Assessment: "Pseudoreplication" in Time?},
   journal = {Ecology},
   volume = {67},
   number = {4},
   pages = {929-940},
   ISSN = {1939-9170},
   DOI = {10.2307/1939815},
   year = {1986}
}

@ARTICLE{Sukys2017,
   author = {{Sukys}, J. and {Kattwinkel}, M.},
    title = "{SPUX: Scalable Particle Markov Chain Monte Carlo for uncertainty quantification in stochastic ecological models}",
  journal = {ArXiv e-prints},
archivePrefix = "arXiv",
 primaryClass = "stat.CO",
 keywords = {Statistics - Computation, Computer Science - Computational Engineering, Finance, and Science, Computer Science - Distributed, Parallel, and Cluster Computing},
     year = 2017,
  adsnote = {Provided by the SAO/NASA Astrophysics Data System}
}

@article{Trolle2014,
title = "Advancing projections of phytoplankton responses to climate change through ensemble modelling",
journal = "Environmental Modelling \& Software",
volume = "61",
number = "Supplement C",
pages = "371 - 379",
year = "2014",
issn = "1364-8152",
doi = "https://doi.org/10.1016/j.envsoft.2014.01.032",
author = "Dennis Trolle and J. Alex Elliott and Wolf M. Mooij and Jan H. Janse and Karsten Bolding and David P. Hamilton and Erik Jeppesen",
keywords = "Future climate, , Water resources, Ecosystem modelling"
}

@article{underwood2008protecting,
  title={Protecting biodiversity when money matters: maximizing return on investment},
  author={Underwood, Emma C and Shaw, M Rebecca and Wilson, Kerrie A and Kareiva, Peter and Klausmeyer, Kirk R and McBride, Marissa F and Bode, Michael and Morrison, Scott A and Hoekstra, Jonathan M and Possingham, Hugh P},
  journal={PLoS One},
  volume={3},
  number={1},
  pages={e1515},
  year={2008},
  publisher={Public Library of Science}
}

@article{Uusitalo2015,
title = "An overview of methods to evaluate uncertainty of deterministic models in decision support",
journal = "Environmental Modelling \& Software",
volume = "63",
pages = "24 - 31",
year = "2015",
issn = "1364-8152",
doi = "https://doi.org/10.1016/j.envsoft.2014.09.017",
author = "Laura Uusitalo and Annukka Lehikoinen and Inari Helle and Kai Myrberg",
keywords = "Environmental modelling, Deterministic, Probabilistic, Uncertainty, Decision support"
}

@article{Vermeiren2015,
   author = {Vermeiren, Peter and Sheaves, Marcus},
   title = {Modeling Intertidal Crab Distribution Patterns Using Photographic Mapping Among Tropical Australian Estuaries},
   journal = {Estuaries and Coasts},
   volume = {38},
   number = {5},
   pages = {1545-1556},
   ISSN = {1559-2731},
   DOI = {10.1007/s12237-014-9897-z},
   year = {2015}
}

@article{Vermeiren2016,
title = "Sources and sinks of plastic debris in estuaries: A conceptual model integrating biological, physical and chemical distribution mechanisms",
journal = "Marine Pollution Bulletin",
volume = "113",
number = "1",
pages = "7 - 16",
year = "2016",
issn = "0025-326X",
doi = "https://doi.org/10.1016/j.marpolbul.2016.10.002",
author = "Peter Vermeiren and Cynthia C. Muñoz and Kou Ikejima",
keywords = "Conceptual model, Plastic debris, Spatial distribution, Estuary, Management, Landscape scale"
}

@article{Voinov2010,
   author = {Voinov, Alexey and Bousquet, Francois},
   title = {Modelling with stakeholders},
   journal = {Environmental Modelling \& Software},
   volume = {25},
   number = {11},
   pages = {1268-1281},
   ISSN = {1364-8152},
   DOI = {https://doi.org/10.1016/j.envsoft.2010.03.007},
   year = {2010}
}

@article{Voinov2016,
title = "Modelling with stakeholders – Next generation",
journal = "Environmental Modelling \& Software",
volume = "77",
pages = "196 - 220",
year = "2016",
issn = "1364-8152",
doi = "https://doi.org/10.1016/j.envsoft.2015.11.016",
author = "Alexey Voinov and Nagesh Kolagani and Michael K. McCall and Pierre D. Glynn and Marit E. Kragt and Frank O. Ostermann and Suzanne A. Pierce and Palaniappan Ramu",
keywords = "Citizen science, Social media, Serious games, Crowdsourcing, Biases, Uncertainty"
}

@article {Wang2013,
author = {Wang, Magnus},
title = {From home range dynamics to population cycles: Validation and realism of a common vole population model for pesticide risk assessment},
journal = {Integrated Environmental Assessment and Management},
volume = {9},
number = {2},
publisher = {John Wiley & Sons, Inc.},
issn = {1551-3793},
doi = {10.1002/ieam.1377},
pages = {294--307},
keywords = {Population model, Validation, Risk assessment, Microtus arvalis, Population cycles},
year = {2013},
}

@article{wardekker2008uncertainty,
  title={Uncertainty communication in environmental assessments: views from the Dutch science-policy interface},
  author={Wardekker, J Arjan and van der Sluijs, Jeroen P and Janssen, Peter HM and Kloprogge, Penny and Petersen, Arthur C},
  journal={Environmental science \& policy},
  volume={11},
  number={7},
  pages={627--641},
  year={2008},
  publisher={Elsevier}
}

@article{Warmink2010,
   author = {Warmink, J. J. and Janssen, J. A. E. B. and Booij, M. J. and Krol, M. S.},
   title = {Identification and classification of uncertainties in the application of environmental models},
   journal = {Environmental Modelling \& Software},
   volume = {25},
   number = {12},
   pages = {1518-1527},
   ISSN = {1364-8152},
   DOI = {https://doi.org/10.1016/j.envsoft.2010.04.011},
   year = {2010}
}

@Article{Weerts2011,
AUTHOR = {Weerts, A. H. and Winsemius, H. C. and Verkade, J. S.},
TITLE = {Estimation of predictive hydrological uncertainty using quantile regression: examples from the National Flood Forecasting System (England and Wales)},
JOURNAL = {Hydrology and Earth System Sciences},
VOLUME = {15},
YEAR = {2011},
NUMBER = {1},
PAGES = {255--265},
DOI = {10.5194/hess-15-255-2011}
}

@article{Wenger2012,
   author = {Wenger, Seth J. and Olden, Julian D.},
   title = {Assessing transferability of ecological models: an underappreciated aspect of statistical validation},
   journal = {Methods in Ecology and Evolution},
   volume = {3},
   number = {2},
   pages = {260-267},
   DOI = {doi:10.1111/j.2041-210X.2011.00170.x},
   year = {2012}
}

@article{wilkinson_fair_2016,
	title = {The {FAIR} {Guiding} {Principles} for scientific data management and stewardship},
	volume = {3},
	author = {Wilkinson, Mark D. and Dumontier, Michel and Aalbersberg, IJsbrand Jan and Appleton, Gabrielle and Axton, Myles and Baak, Arie and Blomberg, Niklas and Boiten, Jan-Willem and da Silva Santos, Luiz Bonino and Bourne, Philip E. and Bouwman, Jildau and Brookes, Anthony J. and Clark, Tim and Crosas, Mercè and Dillo, Ingrid and Dumon, Olivier and Edmunds, Scott and Evelo, Chris T. and Finkers, Richard and Gonzalez-Beltran, Alejandra and Gray, Alasdair J.G. and Groth, Paul and Goble, Carole and Grethe, Jeffrey S. and Heringa, Jaap and ’t Hoen, Peter A.C and Hooft, Rob and Kuhn, Tobias and Kok, Ruben and Kok, Joost and Lusher, Scott J. and Martone, Maryann E. and Mons, Albert and Packer, Abel L. and Persson, Bengt and Rocca-Serra, Philippe and Roos, Marco and van Schaik, Rene and Sansone, Susanna-Assunta and Schultes, Erik and Sengstag, Thierry and Slater, Ted and Strawn, George and Swertz, Morris A. and Thompson, Mark and van der Lei, Johan and van Mulligen, Erik and Velterop, Jan and Waagmeester, Andra and Wittenburg, Peter and Wolstencroft, Katherine and Zhao, Jun and Mons, Barend},
	year = {2016},
	pages = {160018},
    journal = {Scientific Data},
}

@book{Wright2000,
   author = {Wright, J.F. and Sutcliffe, D.W. and Furse, M.T.},
   title = {Assessing the biological quality of fresh waters: RIVPACS and other technique},
   publisher = {Freshwater Biological Association},
   address = {Ambleside},
   ISBN = {978-0900386-62-6},
   year = {2000},
   type = {Edited Book}
}

@article{Yang2018,
title = "Modeling the temporal dynamics of intertidal benthic infauna biomass with environmental factors: Impact assessment of land reclamation",
journal = "Science of The Total Environment",
volume = "618",
pages = "439 - 450",
year = "2018",
issn = "0048-9697",
doi = "https://doi.org/10.1016/j.scitotenv.2017.10.325",
author = "Ye Yang and Ting Fong May Chui and Ping Ping Shen and Yang Yang and Ji Dong Gu",
keywords = "Land reclamation, Benthic infauna, Water age, Bayesian regression model, Pearl River Estuary"
}

@article{Yates2018,
title = "Outstanding Challenges in the Transferability of Ecological Models",
journal = "Trends in Ecology \& Evolution",
volume = "33",
number = "10",
pages = "790 - 802",
year = "2018",
issn = "0169-5347",
doi = "https://doi.org/10.1016/j.tree.2018.08.001",
author = "Katherine L. Yates and Phil J. Bouchet and M. Julian Caley and Kerrie Mengersen and Christophe F. Randin and Stephen Parnell and Alan H. Fielding and Andrew J. Bamford and Stephen Ban and A. Márcia Barbosa and Carsten F. Dormann and Jane Elith and Clare B. Embling and Gary N. Ervin and Rebecca Fisher and Susan Gould and Roland F. Graf and Edward J. Gregr and Patrick N. Halpin and Risto K. Heikkinen and Stefan Heinänen and Alice R. Jones and Periyadan K. Krishnakumar and Valentina Lauria and Hector Lozano-Montes and Laura Mannocci and Camille Mellin and Mohsen B. Mesgaran and Elena Moreno-Amat and Sophie Mormede and Emilie Novaczek and Steffen Oppel and Guillermo Ortuño Crespo and A. Townsend Peterson and Giovanni Rapacciuolo and Jason J. Roberts and Rebecca E. Ross and Kylie L. Scales and David Schoeman and Paul Snelgrove and Göran Sundblad and Wilfried Thuiller and Leigh G. Torres and Heroen Verbruggen and Lifei Wang and Seth Wenger and Mark J. Whittingham and Yuri Zharikov and Damaris Zurell and Ana M.M. Sequeira",
keywords = "Predictive modeling, model transfers, species distribution models, habitat models, extrapolation, generality, uncertainty"
}

@article{Zurell2012,
author = {Zurell, Damaris and Elith, Jane and Schröder, Boris},
title = {Predicting to new environments: tools for visualizing model behaviour and impacts on mapped distributions},
journal = {Diversity and Distributions},
volume = {18},
number = {6},
pages = {628-634},
keywords = {Environmental niche, extrapolation, inflated response curves, novel environment, sampling space, species distribution models},
doi = {10.1111/j.1472-4642.2012.00887.x},
year = {2012}
}

% not sorted from here on:

@article{Kelly_2013,
   author = {Kelly, Rebecca A. and Jakeman, Anthony J. and Barreteau, Olivier and Borsuk, Mark E. and ElSawah, Sondoss and Hamilton, Serena H. and Henriksen, Hans Jørgen and Kuikka, Sakari and Maier, Holger R. and Rizzoli, Andrea Emilio and van Delden, Hedwig and Voinov, Alexey A.},
   title = {Selecting among five common modelling approaches for integrated environmental assessment and management},
   journal = {Environmental Modelling & Software},
   volume = {47},
   pages = {159-181},
   note = {(Letcher)},
   keywords = {Integrated assessment
System dynamics
Bayesian network
Coupled component model
Agent-based model
Knowledge-based model},
   ISSN = {1364-8152},
   DOI = {https://doi.org/10.1016/j.envsoft.2013.05.005},
   url = {https://www.sciencedirect.com/science/article/pii/S1364815213001151},
   year = {2013},
   type = {Journal Article}
}

@article{Bolker_2009,
   author = {Bolker, Ben},
   title = {Learning hierarchical models: advice for the rest of us},
   journal = {Ecological Applications},
   volume = {19},
   number = {3},
   pages = {588-592},
   ISSN = {1051-0761},
   DOI = {https://doi.org/10.1890/08-0639.1},
   url = {https://esajournals.onlinelibrary.wiley.com/doi/abs/10.1890/08-0639.1},
   year = {2009},
   type = {Journal Article}
}

@article{Cressie_2009,
   author = {Cressie, Noel and Calder, Catherine A. and Clark, James S. and Hoef, Jay M. Ver and Wikle, Christopher K.},
   title = {Accounting for uncertainty in ecological analysis: the strengths and limitations of hierarchical statistical modeling},
   journal = {Ecological Applications},
   volume = {19},
   number = {3},
   pages = {553-570},
   note = {https://doi.org/10.1890/07-0744.1},
   keywords = {Bayesian modeling
data model
design
empirical Bayes
harbor seals
MCMC
prior
process model
spatial process
spatiotemporal process},
   ISSN = {1051-0761},
   DOI = {https://doi.org/10.1890/07-0744.1},
   url = {https://doi.org/10.1890/07-0744.1},
   year = {2009},
   type = {Journal Article}
}

@article{Galic_2010,
   author = {Galic, Nika and Hommen, Udo and Baveco, JM and van den Brink, Paul J},
   title = {Potential application of population models in the European ecological risk assessment of chemicals II: Review of models and their potential to address environmental protection aims},
   journal = {Integrated Environmental Assessment and Management},
   volume = {6},
   number = {3},
   pages = {338-360},
   note = {(Hans)},
   ISSN = {1551-3777},
   DOI = {https://doi.org/10.1002/ieam.68},
   url = {https://setac.onlinelibrary.wiley.com/doi/abs/10.1002/ieam.68},
   year = {2010},
   type = {Journal Article}
}

@article{Hooten2015,
author = {Hooten, M B and Hobbs, N T},
doi = {10.1890/14-0661.1},
journal = {Ecological Monographs},
keywords = {Bayesian,akaike information criterion,bayes factors,criterion,cross-validation,deviance information,model averaging,model selection,multi-model inference,regularization,shrinkage,stats},
mendeley-groups = {statistics},
mendeley-tags = {Bayesian,model selection,stats},
number = {1},
pages = {3--28},
title = {{A guide to Bayesian model selection for ecologists}},
volume = {85},
year = {2015}
}

@article{Kaikkonen2021,
author = {Kaikkonen, Laura and Parviainen, Tuuli and Rahikainen, Mika and Uusitalo, Laura and Lehikoinen, Annukka},
doi = {10.1002/ieam.4332},
issn = {15513793},
journal = {Integrated Environmental Assessment and Management},
keywords = {Causal inference,Decision support,Integrated modeling,Risk analysis},
number = {1},
pages = {62--78},
pmid = {32841493},
title = {{Bayesian networks in environmental risk assessment: a review}},
volume = {17},
year = {2021}
}

@article{Clark2005,
author = {Clark, James S},
doi = {10.1111/j.1461-0248.2004.00702.x},
issn = {1461023X},
journal = {Ecology Letters},
keywords = {Bayesian,Data modelling,Gibbs sampler,HM,Hierarchical Bayes,Inference,MCMC,Models,Prediction,stats},
mendeley-tags = {stats,Bayesian,HM},
number = {1},
pages = {2--14},
title = {{Why environmental scientists are becoming Bayesians}},
volume = {8},
year = {2005}
}

@article{Beaumont2010,
author = {Beaumont, Mark A},
doi = {10.1146/annurev-ecolsys-102209-144621},
issn = {1543592X},
journal = {Annual Review of Ecology, Evolution, and Systematics},
keywords = {ABC,Bayesian,Bayesian inference,Monte Carlo,modeling,simulation,stats},
mendeley-tags = {Bayesian,stats,modeling,ABC},
pages = {379--406},
title = {{Approximate Bayesian computation in evolution and ecology}},
volume = {41},
year = {2010}
}

@article{Csillery2010,
archivePrefix = {arXiv},
arxivId = {9780691127248},
author = {Csill{\'{e}}ry, Katalin and Blum, Michael G.B. and Gaggiotti, Oscar E. and Fran{\c{c}}ois, Olivier},
doi = {10.1016/j.tree.2010.04.001},
eprint = {9780691127248},
isbn = {0169-5347 (Print)\n0169-5347 (Linking)},
issn = {01695347},
journal = {Trends in Ecology and Evolution},
keywords = {Approximate Bayesian Computation,Bayesian},
mendeley-groups = {statistics},
mendeley-tags = {Approximate Bayesian Computation,Bayesian},
number = {7},
pages = {410--418},
pmid = {20488578},
title = {{Approximate Bayesian Computation (ABC) in practice}},
volume = {25},
year = {2010}
}


@article{Ellison1996,
author = {Ellison, Aaron M},
file = {:/eawag/userdata/moorhele/My Documents/Literature/MendeleyLibrary/Ellison/Ecological Applications/Ellison - 1996 - An introduction to Bayesian inference for ecological research and environmental decision-making.pdf:pdf},
journal = {Ecological Applications},
keywords = {Bayesian,bayesian inference,decision analysis,decisions,environmental decision-making,epistemology,probability,statistical errors,stats,uncertainty},
mendeley-groups = {statistics},
mendeley-tags = {Bayesian,decisions,stats,uncertainty},
number = {4},
pages = {1036--1046},
title = {{An introduction to Bayesian inference for ecological research and environmental decision-making}},
volume = {6},
year = {1996}
}
